@article{Dreamer,
  author    = {Danijar Hafner and
               Timothy P. Lillicrap and
               Jimmy Ba and
               Mohammad Norouzi},
  title     = {Dream to Control: Learning Behaviors by Latent Imagination},
  journal   = {CoRR},
  volume    = {abs/1912.01603},
  year      = {2019},
  url       = {http://arxiv.org/abs/1912.01603},
  archivePrefix = {arXiv},
  eprint    = {1912.01603},
  timestamp = {Tue, 07 Jan 2020 13:36:12 +0100},
  biburl    = {https://dblp.org/rec/journals/corr/abs-1912-01603.bib},
  bibsource = {dblp computer science bibliography, https://dblp.org}
}

@article{SlotAttention,
  author    = {Francesco Locatello and
               Dirk Weissenborn and
               Thomas Unterthiner and
               Aravindh Mahendran and
               Georg Heigold and
               Jakob Uszkoreit and
               Alexey Dosovitskiy and
               Thomas Kipf},
  title     = {Object-Centric Learning with Slot Attention},
  journal   = {CoRR},
  volume    = {abs/2006.15055},
  year      = {2020},
  url       = {https://arxiv.org/abs/2006.15055},
  eprinttype = {arXiv},
  eprint    = {2006.15055},
  timestamp = {Wed, 01 Jul 2020 15:21:23 +0200},
  biburl    = {https://dblp.org/rec/journals/corr/abs-2006-15055.bib},
  bibsource = {dblp computer science bibliography, https://dblp.org}
}

@article{cSWM,
  title={Contrastive Learning of Structured World Models},
  author={Thomas Kipf and Elise van der Pol and Max Welling},
  journal={ArXiv},
  year={2020},
  volume={abs/1911.12247}
}

@article{OP3,
  author    = {Rishi Veerapaneni and
               John D. Co{-}Reyes and
               Michael Chang and
               Michael Janner and
               Chelsea Finn and
               Jiajun Wu and
               Joshua B. Tenenbaum and
               Sergey Levine},
  title     = {Entity Abstraction in Visual Model-Based Reinforcement Learning},
  journal   = {CoRR},
  volume    = {abs/1910.12827},
  year      = {2019},
  url       = {http://arxiv.org/abs/1910.12827},
  eprinttype = {arXiv},
  eprint    = {1910.12827},
  timestamp = {Thu, 31 Oct 2019 14:02:26 +0100},
  biburl    = {https://dblp.org/rec/journals/corr/abs-1910-12827.bib},
  bibsource = {dblp computer science bibliography, https://dblp.org}
}

@article{GATSBI,
  author    = {Cheol{-}Hui Min and
               Jinseok Bae and
               Junho Lee and
               Young Min Kim},
  title     = {{GATSBI:} Generative Agent-centric Spatio-temporal Object Interaction},
  journal   = {CoRR},
  volume    = {abs/2104.04275},
  year      = {2021},
  url       = {https://arxiv.org/abs/2104.04275},
  eprinttype = {arXiv},
  eprint    = {2104.04275},
  timestamp = {Mon, 30 Aug 2021 16:06:52 +0200},
  biburl    = {https://dblp.org/rec/journals/corr/abs-2104-04275.bib},
  bibsource = {dblp computer science bibliography, https://dblp.org}
}

@article{ROLL,
  author    = {Yufei Wang and
               Gautham Narayan Narasimhan and
               Xingyu Lin and
               Brian Okorn and
               David Held},
  title     = {{ROLL:} Visual Self-Supervised Reinforcement Learning with Object
               Reasoning},
  journal   = {CoRR},
  volume    = {abs/2011.06777},
  year      = {2020},
  url       = {https://arxiv.org/abs/2011.06777},
  eprinttype = {arXiv},
  eprint    = {2011.06777},
  timestamp = {Wed, 18 Nov 2020 16:48:35 +0100},
  biburl    = {https://dblp.org/rec/journals/corr/abs-2011-06777.bib},
  bibsource = {dblp computer science bibliography, https://dblp.org}
}

@article{CAI,
  author    = {Lingxiao Wang and
               Zhuoran Yang and
               Zhaoran Wang},
  title     = {Provably Efficient Causal Reinforcement Learning with Confounded Observational
               Data},
  journal   = {CoRR},
  volume    = {abs/2006.12311},
  year      = {2020},
  url       = {https://arxiv.org/abs/2006.12311},
  eprinttype = {arXiv},
  eprint    = {2006.12311},
  timestamp = {Tue, 23 Jun 2020 17:57:22 +0200},
  biburl    = {https://dblp.org/rec/journals/corr/abs-2006-12311.bib},
  bibsource = {dblp computer science bibliography, https://dblp.org}
}

@article{VMA,
  author    = {J{\"{o}}rg Bornschein and
               Andriy Mnih and
               Daniel Zoran and
               Danilo Jimenez Rezende},
  title     = {Variational Memory Addressing in Generative Models},
  journal   = {CoRR},
  volume    = {abs/1709.07116},
  year      = {2017},
  url       = {http://arxiv.org/abs/1709.07116},
  archivePrefix = {arXiv},
  eprint    = {1709.07116},
  timestamp = {Mon, 13 Aug 2018 16:48:24 +0200},
  biburl    = {https://dblp.org/rec/journals/corr/abs-1709-07116.bib},
  bibsource = {dblp computer science bibliography, https://dblp.org}
}

@inproceedings{
cema1,
title={Factorized World Models for Learning Causal Relationships},
author={Artem Zholus and Yaroslav Ivchenkov and Aleksandr Panov},
booktitle={ICLR2022 Workshop on the Elements of Reasoning: Objects, Structure and Causality},
year={2022},
url={https://openreview.net/forum?id=BCGfDBOIcec}
}
@misc{nce,
      title={Representation Learning with Contrastive Predictive Coding}, 
      author={Aaron van den Oord and Yazhe Li and Oriol Vinyals},
      year={2019},
      eprint={1807.03748},
      archivePrefix={arXiv},
      primaryClass={cs.LG}
}