@article{dreamerv2,
  title={Mastering atari with discrete world models},
  author={Hafner, Danijar and Lillicrap, Timothy and Norouzi, Mohammad and Ba, Jimmy},
  journal={arXiv preprint arXiv:2010.02193},
  year={2020}
}

@article{VIB,
  title={The information bottleneck method},
  author={Tishby, Naftali and Pereira, Fernando C and Bialek, William},
  journal={arXiv preprint physics/0004057},
  year={2000}
}

@article{DeepVIB,
  title={Deep variational information bottleneck},
  author={Alemi, Alexander A and Fischer, Ian and Dillon, Joshua V and Murphy, Kevin},
  journal={arXiv preprint arXiv:1612.00410},
  year={2016}
}

@article{atari,
  title={The arcade learning environment: An evaluation platform for general agents},
  author={Bellemare, Marc G and Naddaf, Yavar and Veness, Joel and Bowling, Michael},
  journal={Journal of Artificial Intelligence Research},
  volume={47},
  pages={253--279},
  year={2013}
}

@article{dreamer,
  title={Dream to control: Learning behaviors by latent imagination},
  author={Hafner, Danijar and Lillicrap, Timothy and Ba, Jimmy and Norouzi, Mohammad},
  journal={arXiv preprint arXiv:1912.01603},
  year={2019}
}

@inproceedings{planet,
  title={Learning latent dynamics for planning from pixels},
  author={Hafner, Danijar and Lillicrap, Timothy and Fischer, Ian and Villegas, Ruben and Ha, David and Lee, Honglak and Davidson, James},
  booktitle={International conference on machine learning},
  pages={2555--2565},
  year={2019},
  organization={PMLR}
}

@article{rl_gen_survey,
  title={A survey of generalisation in deep reinforcement learning},
  author={Kirk, Robert and Zhang, Amy and Grefenstette, Edward and Rockt{\"a}schel, Tim},
  journal={arXiv preprint arXiv:2111.09794},
  year={2021}
}

@article{CMDP,
  title={Contextual markov decision processes},
  author={Hallak, Assaf and Di Castro, Dotan and Mannor, Shie},
  journal={arXiv preprint arXiv:1502.02259},
  year={2015}
}

@article{WM,
  title={Recurrent world models facilitate policy evolution},
  author={Ha, David and Schmidhuber, J{\"u}rgen},
  journal={Advances in neural information processing systems},
  volume={31},
  year={2018}
}

@inproceedings{mujoco,
  title={Mujoco: A physics engine for model-based control},
  author={Todorov, Emanuel and Erez, Tom and Tassa, Yuval},
  booktitle={2012 IEEE/RSJ international conference on intelligent robots and systems},
  pages={5026--5033},
  year={2012},
  organization={IEEE}
}
  
@article{cw,
  title={Causalworld: A robotic manipulation benchmark for causal structure and transfer learning},
  author={Ahmed, Ossama and Tr{\"a}uble, Frederik and Goyal, Anirudh and Neitz, Alexander and Bengio, Yoshua and Sch{\"o}lkopf, Bernhard and W{\"u}thrich, Manuel and Bauer, Stefan},
  journal={arXiv preprint arXiv:2010.04296},
  year={2020}
}
  
@book{Sutton,
  title={Reinforcement learning: An introduction},
  author={Sutton, Richard S and Barto, Andrew G},
  year={2018},
  publisher={MIT press}
}

@inproceedings{mtw,
  title={Meta-world: A benchmark and evaluation for multi-task and meta reinforcement learning},
  author={Yu, Tianhe and Quillen, Deirdre and He, Zhanpeng and Julian, Ryan and Hausman, Karol and Finn, Chelsea and Levine, Sergey},
  booktitle={Conference on robot learning},
  pages={1094--1100},
  year={2020},
  organization={PMLR}
}

@inproceedings{oc_video_1,
  title={Learning object-centric transformation for video prediction},
  author={Chen, Xiongtao and Wang, Wenmin and Wang, Jinzhuo and Li, Weimian},
  booktitle={Proceedings of the 25th ACM international conference on Multimedia},
  pages={1503--1512},
  year={2017}
}

@inproceedings{oc_video_2,
  title={Object-centric Video Prediction without Annotation},
  author={Schmeckpeper, Karl and Georgakis, Georgios and Daniilidis, Kostas},
  booktitle={2021 IEEE International Conference on Robotics and Automation (ICRA)},
  pages={13604--13610},
  year={2021},
  organization={IEEE}
}

@article{RPC,
  title={Robust predictable control},
  author={Eysenbach, Ben and Salakhutdinov, Russ R and Levine, Sergey},
  journal={Advances in Neural Information Processing Systems},
  volume={34},
  pages={27813--27825},
  year={2021}
}

@inproceedings{IODINE,
  title={Multi-object representation learning with iterative variational inference},
  author={Greff, Klaus and Kaufman, Rapha{\"e}l Lopez and Kabra, Rishabh and Watters, Nick and Burgess, Christopher and Zoran, Daniel and Matthey, Loic and Botvinick, Matthew and Lerchner, Alexander},
  booktitle={International Conference on Machine Learning},
  pages={2424--2433},
  year={2019},
  organization={PMLR}
}

@article{SlotAtt,
  title={Object-centric learning with slot attention},
  author={Locatello, Francesco and Weissenborn, Dirk and Unterthiner, Thomas and Mahendran, Aravindh and Heigold, Georg and Uszkoreit, Jakob and Dosovitskiy, Alexey and Kipf, Thomas},
  journal={Advances in Neural Information Processing Systems},
  volume={33},
  pages={11525--11538},
  year={2020}
}

@article{cswm,
  title={Contrastive learning of structured world models},
  author={Kipf, Thomas and van der Pol, Elise and Welling, Max},
  journal={arXiv preprint arXiv:1911.12247},
  year={2019}
}

@article{hinge_loss,
  title={A tutorial on energy-based learning},
  author={LeCun, Yann and Chopra, Sumit and Hadsell, Raia and Ranzato, M and Huang, F},
  journal={Predicting structured data},
  volume={1},
  number={0},
  year={2006}
}

@inproceedings{OP3,
  title={Entity abstraction in visual model-based reinforcement learning},
  author={Veerapaneni, Rishi and Co-Reyes, John D and Chang, Michael and Janner, Michael and Finn, Chelsea and Wu, Jiajun and Tenenbaum, Joshua and Levine, Sergey},
  booktitle={Conference on Robot Learning},
  pages={1439--1456},
  year={2020},
  organization={PMLR}
}

@article{ROLL,
  title={Roll: Visual self-supervised reinforcement learning with object reasoning},
  author={Wang, Yufei and Narasimhan, Gautham Narayan and Lin, Xingyu and Okorn, Brian and Held, David},
  journal={arXiv preprint arXiv:2011.06777},
  year={2020}
}

@inproceedings{GATSBI,
  title={GATSBI: Generative Agent-centric Spatio-temporal Object Interaction},
  author={Min, Cheol-Hui and Bae, Jinseok and Lee, Junho and Kim, Young Min},
  booktitle={Proceedings of the IEEE/CVF Conference on Computer Vision and Pattern Recognition},
  pages={3074--3083},
  year={2021}
}

@article{repr-learning-survey,
  title={Representation learning: A review and new perspectives},
  author={Bengio, Yoshua and Courville, Aaron and Vincent, Pascal},
  journal={IEEE transactions on pattern analysis and machine intelligence},
  volume={35},
  number={8},
  pages={1798--1828},
  year={2013},
  publisher={IEEE}
}

@article{vae,
  title={Auto-encoding variational bayes},
  author={Kingma, Diederik P and Welling, Max},
  journal={arXiv preprint arXiv:1312.6114},
  year={2013}
}